@article{md5,
    title = {The MD5 Message-Digest Algorithm},
    year = {1992},
    journal = {RFC 1321},
    author = {Rivest, R.},
}

@article{sha1,
    title = {SECURE HASH STANDARD (SHS) (FIPS PUB 180-1)},
    year = {1995},
    journal = {Federal Information
Processing Standards Publication 180-1 (FIPS PUB 180-1)},
}

@article{sha256,
    title = {SECURE HASH STANDARD (SHS) (FIPS PUB 180-2)},
    year = {2002},
    journal = {Federal Information
Processing Standards Publication 180-2 (FIPS PUB 180-2)},
}

@article{gost94,
    title = {ГОСТ Р 34.11-94 «Информационная технология. Криптографическая защита информации. Функция хэширования»},
    year = {1994},
}

@article{gost2018,
    title = {ГОСТ 34.11-2018 «Информационная технология. Криптографическая защита информации. Функция хэширования»},
    year = {2018},
}

@article{blake,
    title = {Sha-3 proposal blake},
    year = {2008},
    author = {Aumasson, JP. and Henzen, L. and Meier, W.},
}

@article{ripemd1,
    author = {Dobbertin, H. and Bosselaers, A. and Preneel, B.},
    title = {The hash function RIPEMD-160. Dedicated webpage},
    url = {http://homes.esat.kuleuven.be/~bosselae/ripemd160.html},
    year = {1996},
}

@article{ripemd2,
    author = {Dobbertin, H. and Bosselaers, A. and Preneel, B.},
    title = {RIPEMD-160, a strengthened version of RIPEMD},
    year = {1996},
    journal = {FSE 1996. Lecture Notes in Computer Science, vol 1039},
}

@article{fsb,
    author = {Augot, D. and Finiasz, M. and Sendrier, N.},
    title = {A Fast Provably Secure Cryptographic Hash Function},
    year = {2003},
}

@article{sha3,
    title = {FIPS PUB 202 - SHA-3 Standard: Permutation-Based Hash and Extendable-Output Functions},
    year = {2015},
}

@article{haifa,
    title = {A Framework for Iterative Hash Functions — HAIFA},
    year = {2007},
    journal = {Second NIST Cryptographic Hash Workshop},
    author = {Biham, Eli. and Dunkelman, Orr.},
}

@article{sponge,
    title = {Sponge Functions},
    year = {2007},
    journal = {ECRYPT Hash Workshop 2007},
    author = {Bertoni, G. and Daemen, J. and Peeters, M. and Assche, G.},
}

@article{sponge2,
    title = {Cryptographic sponge functions},
    year = {2011},
    author = {Bertoni, G. and Daemen, J. and Peeters, M. and Assche, G.},
}

@article{Whirlpool,
    title = {The WHIRLPOOL Hashing Function},
    year = {2003},
    author = {Barreto, P. and Rijmen, V.},
}

@article{ripemdat1,
    title = {Collision Attacks on the Reduced Dual-Stream Hash Function RIPEMD-128},
    year = {2012},
    author = {Mendel, F. and Nad, T. and Schläffer, M.},
    journal = {Fast Software Encryption. FSE 2012},
}

@article{ripemdat2,
    title = {Practical collision attack on 40-step RIPEMD-128},
    year = {2014},
    author = {Wang, G.},
    journal = {Topics in Cryptology – CT-RSA 2014},
}

@article{ripemdat3,
    title = {Finding SHA-2 Characteristics: Searching through a Minefield of Contradictions},
    year = {2011},
    author = {Mendel, F. and Nad, T. and Schl¨affer, M.},
    journal = {ASIACRYPT 2011.},
}
